@misc{brendel2018decisionbased,
      title={Decision-Based Adversarial Attacks: Reliable Attacks Against Black-Box Machine Learning Models}, 
      author={Wieland Brendel and Jonas Rauber and Matthias Bethge},
      year={2018},
      eprint={1712.04248},
      archivePrefix={arXiv},
      primaryClass={stat.ML}
}

@misc{chen2020hopskipjumpattack,
      title={HopSkipJumpAttack: A Query-Efficient Decision-Based Attack}, 
      author={Jianbo Chen and Michael I. Jordan and Martin J. Wainwright},
      year={2020},
      eprint={1904.02144},
      archivePrefix={arXiv},
      primaryClass={cs.LG}
}

@misc{chen2019stateful,
      title={Stateful Detection of Black-Box Adversarial Attacks}, 
      author={Steven Chen and Nicholas Carlini and David Wagner},
      year={2019},
      eprint={1907.05587},
      archivePrefix={arXiv},
      primaryClass={cs.CR}
}

@InProceedings{10.1007/978-3-030-59013-0_22,
author="Mosli, Rayan
and Wright, Matthew
and Yuan, Bo
and Pan, Yin",
editor="Chen, Liqun
and Li, Ninghui
and Liang, Kaitai
and Schneider, Steve",
title="They Might NOT Be Giants Crafting Black-Box Adversarial Examples Using Particle Swarm Optimization",
booktitle="Computer Security -- ESORICS 2020",
year="2020",
publisher="Springer International Publishing",
address="Cham",
pages="439--459",
}

@Article{s20247158,
AUTHOR = {Suryanto, Naufal and Kang, Hyoeun and Kim, Yongsu and Yun, Youngyeo and Larasati, Harashta Tatimma and Kim, Howon},
TITLE = {A Distributed Black-Box Adversarial Attack Based on Multi-Group Particle Swarm Optimization},
JOURNAL = {Sensors},
VOLUME = {20},
YEAR = {2020},
NUMBER = {24},
ARTICLE-NUMBER = {7158},
URL = {https://www.mdpi.com/1424-8220/20/24/7158},
ISSN = {1424-8220},
DOI = {10.3390/s20247158}
}

@inproceedings{adversarial_attack,
author = {Gong, Yuan and Poellabauer, Christian},
year = {2018},
month = {03},
pages = {},
title = {An Overview of Vulnerabilities of Voice Controlled Systems}
}

@misc{pso,
howpublished={\url{https://nathanrooy.github.io/posts/2016-08-17/simple-particle-swarm-optimization-with-python/}},
author = {Rooy, Nathan},
year = {2016},
month = {08},
title = {Particle Swarm Optimization from Scratch with Python},
}