@ARTICLE{mnist,
  author={Lecun, Y. and Bottou, L. and Bengio, Y. and Haffner, P.},
  journal={Proceedings of the IEEE}, 
  title={Gradient-based learning applied to document recognition}, 
  year={1998},
  volume={86},
  number={11},
  pages={2278-2324},
  doi={10.1109/5.726791}}
  
@article{cifar,
  added-at = {2021-01-21T03:01:11.000+0100},
  author = {Krizhevsky, Alex},
  biburl = {https://www.bibsonomy.org/bibtex/2fe5248afe57647d9c85c50a98a12145c/s364315},
  interhash = {cc2d42f2b7ef6a4e76e47d1a50c8cd86},
  intrahash = {fe5248afe57647d9c85c50a98a12145c},
  keywords = {},
  pages = {32--33},
  timestamp = {2021-01-21T03:01:11.000+0100},
  title = {Learning Multiple Layers of Features from Tiny Images},
  url = {https://www.cs.toronto.edu/~kriz/learning-features-2009-TR.pdf},
  year = 2009
}


@misc{cw_attack,
      title={Towards Evaluating the Robustness of Neural Networks}, 
      author={Nicholas Carlini and David Wagner},
      year={2017},
      eprint={1608.04644},
      archivePrefix={arXiv},
      primaryClass={cs.CR}
}

@article{boundary_attack,
	title = {Decision-{Based} {Adversarial} {Attacks}: {Reliable} {Attacks} {Against} {Black}-{Box} {Machine} {Learning} {Models}},
	shorttitle = {Decision-{Based} {Adversarial} {Attacks}},
	url = {http://arxiv.org/abs/1712.04248},
	urldate = {2021-08-04},
	journal = {arXiv:1712.04248 [cs, stat]},
	author = {Brendel, Wieland and Rauber, Jonas and Bethge, Matthias},
	month = feb,
	year = {2018},
	note = {arXiv: 1712.04248},
	keywords = {Computer Science - Computer Vision and Pattern Recognition, Computer Science - Cryptography and Security, Computer Science - Machine Learning, Computer Science - Neural and Evolutionary Computing, Statistics - Machine Learning},
	annote = {Comment: Published as a conference paper at the Sixth International Conference on Learning Representations (ICLR 2018) https://openreview.net/forum?id=SyZI0GWCZ},
	file = {arXiv Fulltext PDF:/home/sander/Zotero/storage/KVAX2558/Brendel et al. - 2018 - Decision-Based Adversarial Attacks Reliable Attac.pdf:application/pdf;arXiv.org Snapshot:/home/sander/Zotero/storage/Q7RWHTSI/1712.html:text/html},
}

@article{brunner_guessing_2019,
	title = {Guessing {Smart}: {Biased} {Sampling} for {Efficient} {Black}-{Box} {Adversarial} {Attacks}},
	shorttitle = {Guessing {Smart}},
	url = {http://arxiv.org/abs/1812.09803},
	doi = {10.1109/ICCV.2019.00506},
	urldate = {2021-08-04},
	journal = {2019 IEEE/CVF International Conference on Computer Vision (ICCV)},
	author = {Brunner, Thomas and Diehl, Frederik and Le, Michael Truong and Knoll, Alois},
	month = oct,
	year = {2019},
	note = {arXiv: 1812.09803},
	keywords = {Computer Science - Computer Vision and Pattern Recognition, Computer Science - Cryptography and Security, Computer Science - Machine Learning, Statistics - Machine Learning},
	pages = {4957--4965},
	annote = {Comment: For source code and videos, see https://github.com/ttbrunner/biased\_boundary\_attack},
	file = {arXiv Fulltext PDF:/home/sander/Zotero/storage/MAW5GUHW/Brunner et al. - 2019 - Guessing Smart Biased Sampling for Efficient Blac.pdf:application/pdf;arXiv.org Snapshot:/home/sander/Zotero/storage/LUBSIKWI/1812.html:text/html},
}

@article{chen_stateful_2019,
	title = {Stateful {Detection} of {Black}-{Box} {Adversarial} {Attacks}},
	url = {http://arxiv.org/abs/1907.05587},
	urldate = {2021-08-04},
	journal = {arXiv:1907.05587 [cs]},
	author = {Chen, Steven and Carlini, Nicholas and Wagner, David},
	month = jul,
	year = {2019},
	note = {arXiv: 1907.05587},
	keywords = {Computer Science - Cryptography and Security, Computer Science - Machine Learning},
	file = {arXiv Fulltext PDF:/home/sander/Zotero/storage/JK3DD9B8/Chen et al. - 2019 - Stateful Detection of Black-Box Adversarial Attack.pdf:application/pdf;arXiv.org Snapshot:/home/sander/Zotero/storage/J8XV4HDT/1907.html:text/html},
}

@misc{szegedy2014intriguing,
      title={Intriguing properties of neural networks}, 
      author={Christian Szegedy and Wojciech Zaremba and Ilya Sutskever and Joan Bruna and Dumitru Erhan and Ian Goodfellow and Rob Fergus},
      year={2014},
      eprint={1312.6199},
      archivePrefix={arXiv},
      primaryClass={cs.CV}
}